<?xml version="1.0" encoding="UTF-8"?><collection xmlns="http://www.loc.gov/MARC21/slim"><record><leader>00345nam--2200121-i-4500</leader><controlfield tag="001">000006382</controlfield><controlfield tag="002">20161230</controlfield><controlfield tag="005">20161230201026</controlfield><controlfield tag="008">060222s1000------------r-----000-0-eng-d</controlfield><datafield ind1=" " ind2=" " tag="100"><subfield code="a">Cammerer, J.S</subfield></datafield><datafield ind1=" " ind2=" " tag="245"><subfield code="a">Der warme-und kalteschutz in der industrie. 4.verbesserte auflage</subfield></datafield><datafield ind1=" " ind2=" " tag="260"><subfield code="a">Berlin, Springer-verlag, 1962</subfield></datafield><datafield ind1=" " ind2=" " tag="490"><subfield code="a">Xii + 497 P., 107 Fig</subfield></datafield></record></collection>